<?xml version="1.0" encoding="UTF-8"?>
  <record xmlns="http://www.loc.gov/MARC21/slim" type="Authority">
    <leader>00000nz  a2200000oc 4500</leader>
    <controlfield tag="001">130531642</controlfield>
    <controlfield tag="003">DE-101</controlfield>
    <controlfield tag="005">20080406032645.0</controlfield>
    <controlfield tag="008">051116n||aznnnaabn           | aaa    |c</controlfield>
    <datafield tag="024" ind1="7" ind2=" ">
      <subfield code="a">130531642</subfield>
      <subfield code="0">http://d-nb.info/gnd/130531642</subfield>
      <subfield code="2">gnd</subfield>
    </datafield>
    <datafield tag="035" ind1=" " ind2=" ">
      <subfield code="a">(DE-101)130531642</subfield>
    </datafield>
    <datafield tag="035" ind1=" " ind2=" ">
      <subfield code="a">(DE-588)130531642</subfield>
    </datafield>
    <datafield tag="035" ind1=" " ind2=" ">
      <subfield code="z">(DE-588a)130531642</subfield>
      <subfield code="9">v:zg</subfield>
    </datafield>
    <datafield tag="035" ind1=" " ind2=" ">
      <subfield code="z">(DE-588a)115778586</subfield>
    </datafield>
    <datafield tag="040" ind1=" " ind2=" ">
      <subfield code="a">DE-75</subfield>
      <subfield code="c">DE-75</subfield>
      <subfield code="9">r:DE-12</subfield>
      <subfield code="b">ger</subfield>
      <subfield code="d">9999</subfield>
    </datafield>
    <datafield tag="042" ind1=" " ind2=" ">
      <subfield code="a">gnd3</subfield>
    </datafield>
    <datafield tag="075" ind1=" " ind2=" ">
      <subfield code="b">p</subfield>
      <subfield code="2">gndgen</subfield>
    </datafield>
    <datafield tag="075" ind1=" " ind2=" ">
      <subfield code="b">piz</subfield>
      <subfield code="2">gndspec</subfield>
    </datafield>
    <datafield tag="079" ind1=" " ind2=" ">
      <subfield code="a">g</subfield>
      <subfield code="q">f</subfield>
      <subfield code="q">a</subfield>
    </datafield>
    <datafield tag="100" ind1="1" ind2=" ">
      <subfield code="a">Löffelholz von Colberg, Johann Paul</subfield>
      <subfield code="d">1598-1658</subfield>
    </datafield>
    <datafield tag="400" ind1="1" ind2=" ">
      <subfield code="a">Löffelholtz von Kolberg, Hans Paul</subfield>
      <subfield code="d">1598-1658</subfield>
    </datafield>
    <datafield tag="400" ind1="1" ind2=" ">
      <subfield code="a">Löffelholtz von Colberg, Hans Paul</subfield>
      <subfield code="d">1598-1658</subfield>
    </datafield>
    <datafield tag="400" ind1="1" ind2=" ">
      <subfield code="a">Löffelholz von Kolberg, Hans Paul</subfield>
      <subfield code="d">1598-1658</subfield>
    </datafield>
    <datafield tag="400" ind1="1" ind2=" ">
      <subfield code="a">Löffelholz von Colberg, Hans Paul</subfield>
      <subfield code="d">1598-1658</subfield>
    </datafield>
    <datafield tag="400" ind1="1" ind2=" ">
      <subfield code="a">Löffelholz von Colberg, Johannes Paulus</subfield>
      <subfield code="d">1598-1658</subfield>
    </datafield>
    <datafield tag="400" ind1="1" ind2=" ">
      <subfield code="a">Löffelholz von Kolberg, Johann Paul</subfield>
      <subfield code="d">1598-1658</subfield>
    </datafield>
    <datafield tag="400" ind1="1" ind2=" ">
      <subfield code="a">Löffelholtz von Kolberg, Johannes Paulus</subfield>
      <subfield code="d">1598-1658</subfield>
    </datafield>
    <datafield tag="400" ind1="1" ind2=" ">
      <subfield code="a">Löffelholtz, Hannß Paul</subfield>
      <subfield code="d">1598-1658</subfield>
    </datafield>
    <datafield tag="400" ind1="1" ind2=" ">
      <subfield code="a">Löffelholz, Hannß Paul</subfield>
      <subfield code="d">1598-1658</subfield>
    </datafield>
    <datafield tag="400" ind1="1" ind2=" ">
      <subfield code="a">Löffelholtz, Hans Paul</subfield>
      <subfield code="d">1598-1658</subfield>
    </datafield>
    <datafield tag="400" ind1="1" ind2=" ">
      <subfield code="a">Löffelholz, Hans Paul</subfield>
      <subfield code="d">1598-1658</subfield>
    </datafield>
    <datafield tag="400" ind1="1" ind2=" ">
      <subfield code="a">Löffelholz, Johann Paul</subfield>
      <subfield code="d">1598-1658</subfield>
    </datafield>
    <datafield tag="400" ind1="1" ind2=" ">
      <subfield code="a">Löffelholtz von Kolberg, Johann Paul</subfield>
      <subfield code="d">1598-1658</subfield>
    </datafield>
    <datafield tag="400" ind1="1" ind2=" ">
      <subfield code="a">Löffelholtz von Kolberg, Hannß Paul</subfield>
      <subfield code="d">1598-1658</subfield>
    </datafield>
    <datafield tag="400" ind1="1" ind2=" ">
      <subfield code="a">Löffelholz von Kolberg, Hanß Paul</subfield>
      <subfield code="d">1598-1658</subfield>
    </datafield>
    <datafield tag="400" ind1="1" ind2=" ">
      <subfield code="a">Löffelholz, Johannes Paulus</subfield>
      <subfield code="d">1598-1658</subfield>
    </datafield>
    <datafield tag="400" ind1="1" ind2=" ">
      <subfield code="a">Loeffelholzius, Johannes Paulus</subfield>
      <subfield code="d">1598-1658</subfield>
    </datafield>
    <datafield tag="400" ind1="1" ind2=" ">
      <subfield code="a">Colberg, Hans Paul Löffelholz &#152;von&#156;</subfield>
      <subfield code="d">1598-1658</subfield>
    </datafield>
    <datafield tag="400" ind1="1" ind2=" ">
      <subfield code="a">Colberg, Hannß Paul Löffelholz &#152;von&#156;</subfield>
      <subfield code="d">1598-1658</subfield>
    </datafield>
    <datafield tag="400" ind1="1" ind2=" ">
      <subfield code="a">Colberg, Johann Paul Löffelholz &#152;von&#156;</subfield>
      <subfield code="d">1598-1658</subfield>
    </datafield>
    <datafield tag="400" ind1="1" ind2=" ">
      <subfield code="a">Colberg, Johannes Paulus Löffelholz &#152;von&#156;</subfield>
      <subfield code="d">1598-1658</subfield>
    </datafield>
    <datafield tag="400" ind1="1" ind2=" ">
      <subfield code="a">Colberg, Johann Paul Löffelholtz &#152;von&#156;</subfield>
      <subfield code="d">1598-1658</subfield>
    </datafield>
    <datafield tag="400" ind1="1" ind2=" ">
      <subfield code="a">Colberg, Johannes Paulus Löffelholtz &#152;von&#156;</subfield>
      <subfield code="d">1598-1658</subfield>
    </datafield>
    <datafield tag="400" ind1="1" ind2=" ">
      <subfield code="a">Loeffelholzius a Colberg, Johannes Paulus</subfield>
      <subfield code="d">1598-1658</subfield>
    </datafield>
    <datafield tag="400" ind1="1" ind2=" ">
      <subfield code="a">Colberg, Johannes Paulus Loeffelholzius &#152;a&#156;</subfield>
      <subfield code="d">1598-1658</subfield>
    </datafield>
    <datafield tag="400" ind1="1" ind2=" ">
      <subfield code="a">Löffelholtz von Kolberg, Johannes Paul</subfield>
      <subfield code="d">1598-1658</subfield>
    </datafield>
    <datafield tag="400" ind1="1" ind2=" ">
      <subfield code="a">Kolberg, Johann Paul Löffelholtz &#152;von&#156;</subfield>
      <subfield code="d">1598-1658</subfield>
    </datafield>
    <datafield tag="400" ind1="1" ind2=" ">
      <subfield code="a">Kolberg, Johannes Paul Löffelholtz &#152;von&#156;</subfield>
      <subfield code="d">1598-1658</subfield>
    </datafield>
    <datafield tag="400" ind1="1" ind2=" ">
      <subfield code="a">Löffelholz von Kolberg, Johannes Paul</subfield>
      <subfield code="d">1598-1658</subfield>
    </datafield>
    <datafield tag="400" ind1="1" ind2=" ">
      <subfield code="a">Löffelholtz von Colberg, Johann Paul</subfield>
      <subfield code="d">1598-1658</subfield>
    </datafield>
    <datafield tag="400" ind1="1" ind2=" ">
      <subfield code="a">Löffelholtz von Colberg, Johannes Paul</subfield>
      <subfield code="d">1598-1658</subfield>
    </datafield>
    <datafield tag="400" ind1="1" ind2=" ">
      <subfield code="a">Loeffelholtz a Kolberg, Joannes-Paulus</subfield>
      <subfield code="d">1598-1658</subfield>
    </datafield>
    <datafield tag="400" ind1="1" ind2=" ">
      <subfield code="a">Loeffelholtz a Kolberg, Joannes Paulus</subfield>
      <subfield code="d">1598-1658</subfield>
    </datafield>
    <datafield tag="400" ind1="1" ind2=" ">
      <subfield code="a">Loeffelholtz a Kolberg, Johannes Paulus</subfield>
      <subfield code="d">1598-1658</subfield>
    </datafield>
    <datafield tag="400" ind1="1" ind2=" ">
      <subfield code="a">Colberg, Johannes Paul Löffelholtz &#152;von&#156;</subfield>
      <subfield code="d">1598-1658</subfield>
    </datafield>
    <datafield tag="400" ind1="1" ind2=" ">
      <subfield code="a">Löffelholtz von Colberg, Hannß Paul</subfield>
      <subfield code="d">1598-1658</subfield>
    </datafield>
    <datafield tag="400" ind1="1" ind2=" ">
      <subfield code="a">Kolberg, Hannß Paul Löffelholtz &#152;von&#156;</subfield>
      <subfield code="d">1598-1658</subfield>
    </datafield>
    <datafield tag="400" ind1="1" ind2=" ">
      <subfield code="a">Kolberg, Johannes Paulus Löffelholz &#152;von&#156;</subfield>
      <subfield code="d">1598-1658</subfield>
    </datafield>
    <datafield tag="400" ind1="1" ind2=" ">
      <subfield code="a">Loeffelholtzius a Colberg, Johannes Paulus</subfield>
      <subfield code="d">1598-1658</subfield>
    </datafield>
    <datafield tag="548" ind1=" " ind2=" ">
      <subfield code="a">1598-1658</subfield>
      <subfield code="4">datl</subfield>
      <subfield code="4">https://d-nb.info/standards/elementset/gnd#dateOfBirthAndDeath</subfield>
      <subfield code="w">r</subfield>
      <subfield code="i">Lebensdaten</subfield>
    </datafield>
    <datafield tag="667" ind1=" " ind2=" ">
      <subfield code="a">VD-17</subfield>
    </datafield>
    <datafield tag="670" ind1=" " ind2=" ">
      <subfield code="a">Biedermann: Geschlechtsreg. des Nürnberg. Patriziats</subfield>
    </datafield>
    <datafield tag="672" ind1=" " ind2="0">
      <subfield code="a">Epithalamia, Nuptiis Virorum Nobilissimorum et Amplissimorum, Dn. Georgii Poemeri, Opdidi Altdorfini, et Dn. Joh-Pauli Löffelholtzii opidi Lauffensis Praefectorum ... 1646</subfield>
    </datafield>
    <datafield tag="678" ind1=" " ind2=" ">
      <subfield code="b">Studium in Altdorf; Pfleger in Lauf; verh. mit Anna Sabina, geb. Löffelholz von Colberg; Regina, geb. Pömer von Diepoldsdorf, Juliana, geb. Behaim</subfield>
    </datafield>
    <datafield tag="913" ind1=" " ind2=" ">
      <subfield code="S">pnd</subfield>
      <subfield code="i">a</subfield>
      <subfield code="a">Löffelholz von Colberg, Johann Paul</subfield>
      <subfield code="0">(DE-588a)130531642</subfield>
    </datafield>
  </record>
